@inproceedings{maclaurin2022foil,
  title={The foil: capture-avoiding substitution with no sharp edges},
  author={Maclaurin, Dougal and Radul, Alexey and Paszke, Adam},
  booktitle={Proceedings of the 34th Symposium on Implementation and Application of Functional Languages},
  pages={1--10},
  year={2022}
}
